%YAML 1.1
%TAG !u! tag:unity3d.com,2011:
--- !u!136 &2746004106705640985
CapsuleCollider:
  m_ObjectHideFlags: 0
  m_CorrespondingSourceObject: {fileID: 0}
  m_PrefabInstance: {fileID: 0}
  m_PrefabAsset: {fileID: 0}
  m_GameObject: {fileID: 2850139164602546133}
  m_Material: {fileID: 0}
  m_IsTrigger: 1
  m_Enabled: 1
  m_Radius: 0.1
  m_Height: 0.3
  m_Direction: 1
  m_Center: {x: 0, y: 0.13, z: 0}
--- !u!114 &6308762423663596308
MonoBehaviour:
  m_ObjectHideFlags: 0
  m_CorrespondingSourceObject: {fileID: 0}
  m_PrefabInstance: {fileID: 0}
  m_PrefabAsset: {fileID: 0}
  m_GameObject: {fileID: 2850139164602546133}
  m_Enabled: 1
  m_EditorHideFlags: 0
  m_Script: {fileID: 11500000, guid: f66199c75ca668644a1655dbba24deee, type: 3}
  m_Name: 
  m_EditorClassIdentifier: 
  OnQuizRobberCollide: {fileID: 11400000, guid: 867c9070395d5d24ab0e471e97d4ce5e, type: 2}
--- !u!1 &3404411534056674849
GameObject:
  m_ObjectHideFlags: 0
  m_CorrespondingSourceObject: {fileID: 0}
  m_PrefabInstance: {fileID: 0}
  m_PrefabAsset: {fileID: 0}
  serializedVersion: 6
  m_Component:
  - component: {fileID: 3404411534056674877}
  - component: {fileID: 3404411534056674876}
  - component: {fileID: 3404411534056674851}
  - component: {fileID: 3404411534056674850}
  - component: {fileID: 5527571401131457721}
  m_Layer: 0
  m_Name: QuizRobber
  m_TagString: QuizRobber
  m_Icon: {fileID: 0}
  m_NavMeshLayer: 0
  m_StaticEditorFlags: 0
  m_IsActive: 1
--- !u!4 &3404411534056674877
Transform:
  m_ObjectHideFlags: 0
  m_CorrespondingSourceObject: {fileID: 0}
  m_PrefabInstance: {fileID: 0}
  m_PrefabAsset: {fileID: 0}
  m_GameObject: {fileID: 3404411534056674849}
  m_LocalRotation: {x: 0, y: 0, z: 0, w: 1}
  m_LocalPosition: {x: 0, y: 0, z: 0}
  m_LocalScale: {x: 1, y: 1, z: 1}
  m_Children:
  - {fileID: 2848108828439340075}
  m_Father: {fileID: 0}
  m_RootOrder: 0
  m_LocalEulerAnglesHint: {x: 0, y: 0, z: 0}
--- !u!33 &3404411534056674876
MeshFilter:
  m_ObjectHideFlags: 0
  m_CorrespondingSourceObject: {fileID: 0}
  m_PrefabInstance: {fileID: 0}
  m_PrefabAsset: {fileID: 0}
  m_GameObject: {fileID: 3404411534056674849}
  m_Mesh: {fileID: 10202, guid: 0000000000000000e000000000000000, type: 0}
--- !u!23 &3404411534056674851
MeshRenderer:
  m_ObjectHideFlags: 0
  m_CorrespondingSourceObject: {fileID: 0}
  m_PrefabInstance: {fileID: 0}
  m_PrefabAsset: {fileID: 0}
  m_GameObject: {fileID: 3404411534056674849}
  m_Enabled: 0
  m_CastShadows: 1
  m_ReceiveShadows: 1
  m_DynamicOccludee: 1
  m_MotionVectors: 1
  m_LightProbeUsage: 1
  m_ReflectionProbeUsage: 1
  m_RayTracingMode: 2
  m_RayTraceProcedural: 0
  m_RenderingLayerMask: 1
  m_RendererPriority: 0
  m_Materials:
  - {fileID: 10303, guid: 0000000000000000f000000000000000, type: 0}
  m_StaticBatchInfo:
    firstSubMesh: 0
    subMeshCount: 0
  m_StaticBatchRoot: {fileID: 0}
  m_ProbeAnchor: {fileID: 0}
  m_LightProbeVolumeOverride: {fileID: 0}
  m_ScaleInLightmap: 1
  m_ReceiveGI: 1
  m_PreserveUVs: 0
  m_IgnoreNormalsForChartDetection: 0
  m_ImportantGI: 0
  m_StitchLightmapSeams: 1
  m_SelectedEditorRenderState: 3
  m_MinimumChartSize: 4
  m_AutoUVMaxDistance: 0.5
  m_AutoUVMaxAngle: 89
  m_LightmapParameters: {fileID: 0}
  m_SortingLayerID: 0
  m_SortingLayer: 0
  m_SortingOrder: 0
  m_AdditionalVertexStreams: {fileID: 0}
--- !u!65 &3404411534056674850
BoxCollider:
  m_ObjectHideFlags: 0
  m_CorrespondingSourceObject: {fileID: 0}
  m_PrefabInstance: {fileID: 0}
  m_PrefabAsset: {fileID: 0}
  m_GameObject: {fileID: 3404411534056674849}
  m_Material: {fileID: 0}
  m_IsTrigger: 1
  m_Enabled: 0
  serializedVersion: 2
  m_Size: {x: 1, y: 1, z: 1}
  m_Center: {x: 0, y: 0, z: 0}
--- !u!114 &5527571401131457721
MonoBehaviour:
  m_ObjectHideFlags: 0
  m_CorrespondingSourceObject: {fileID: 0}
  m_PrefabInstance: {fileID: 0}
  m_PrefabAsset: {fileID: 0}
  m_GameObject: {fileID: 3404411534056674849}
  m_Enabled: 1
  m_EditorHideFlags: 0
  m_Script: {fileID: 11500000, guid: f66199c75ca668644a1655dbba24deee, type: 3}
  m_Name: 
  m_EditorClassIdentifier: 
  OnQuizRobberCollide: {fileID: 11400000, guid: 867c9070395d5d24ab0e471e97d4ce5e, type: 2}
--- !u!1001 &2848994777749967449
PrefabInstance:
  m_ObjectHideFlags: 0
  serializedVersion: 2
  m_Modification:
    m_TransformParent: {fileID: 3404411534056674877}
    m_Modifications:
    - target: {fileID: 1147752367711628, guid: 2abf19653d633114faedf3b60dc6c39f, type: 3}
      propertyPath: m_Name
      value: Stylized Astronaut
      objectReference: {fileID: 0}
    - target: {fileID: 4268597916284530, guid: 2abf19653d633114faedf3b60dc6c39f, type: 3}
      propertyPath: m_RootOrder
      value: 0
      objectReference: {fileID: 0}
    - target: {fileID: 4268597916284530, guid: 2abf19653d633114faedf3b60dc6c39f, type: 3}
      propertyPath: m_LocalScale.x
      value: 4
      objectReference: {fileID: 0}
    - target: {fileID: 4268597916284530, guid: 2abf19653d633114faedf3b60dc6c39f, type: 3}
      propertyPath: m_LocalScale.y
      value: 4
      objectReference: {fileID: 0}
    - target: {fileID: 4268597916284530, guid: 2abf19653d633114faedf3b60dc6c39f, type: 3}
      propertyPath: m_LocalScale.z
      value: 4
      objectReference: {fileID: 0}
    - target: {fileID: 4268597916284530, guid: 2abf19653d633114faedf3b60dc6c39f, type: 3}
      propertyPath: m_LocalPosition.x
      value: 0
      objectReference: {fileID: 0}
    - target: {fileID: 4268597916284530, guid: 2abf19653d633114faedf3b60dc6c39f, type: 3}
      propertyPath: m_LocalPosition.y
      value: 0
      objectReference: {fileID: 0}
    - target: {fileID: 4268597916284530, guid: 2abf19653d633114faedf3b60dc6c39f, type: 3}
      propertyPath: m_LocalPosition.z
      value: 0
      objectReference: {fileID: 0}
    - target: {fileID: 4268597916284530, guid: 2abf19653d633114faedf3b60dc6c39f, type: 3}
      propertyPath: m_LocalRotation.w
      value: 1
      objectReference: {fileID: 0}
    - target: {fileID: 4268597916284530, guid: 2abf19653d633114faedf3b60dc6c39f, type: 3}
      propertyPath: m_LocalRotation.x
      value: 0
      objectReference: {fileID: 0}
    - target: {fileID: 4268597916284530, guid: 2abf19653d633114faedf3b60dc6c39f, type: 3}
      propertyPath: m_LocalRotation.y
      value: 0
      objectReference: {fileID: 0}
    - target: {fileID: 4268597916284530, guid: 2abf19653d633114faedf3b60dc6c39f, type: 3}
      propertyPath: m_LocalRotation.z
      value: 0
      objectReference: {fileID: 0}
    - target: {fileID: 4268597916284530, guid: 2abf19653d633114faedf3b60dc6c39f, type: 3}
      propertyPath: m_LocalEulerAnglesHint.x
      value: 0
      objectReference: {fileID: 0}
    - target: {fileID: 4268597916284530, guid: 2abf19653d633114faedf3b60dc6c39f, type: 3}
      propertyPath: m_LocalEulerAnglesHint.y
      value: 0
      objectReference: {fileID: 0}
    - target: {fileID: 4268597916284530, guid: 2abf19653d633114faedf3b60dc6c39f, type: 3}
      propertyPath: m_LocalEulerAnglesHint.z
      value: 0
      objectReference: {fileID: 0}
    m_RemovedComponents:
    - {fileID: 114551384804589004, guid: 2abf19653d633114faedf3b60dc6c39f, type: 3}
    - {fileID: 143350241100547368, guid: 2abf19653d633114faedf3b60dc6c39f, type: 3}
  m_SourcePrefab: {fileID: 100100000, guid: 2abf19653d633114faedf3b60dc6c39f, type: 3}
--- !u!1 &2850139164602546133 stripped
GameObject:
  m_CorrespondingSourceObject: {fileID: 1147752367711628, guid: 2abf19653d633114faedf3b60dc6c39f, type: 3}
  m_PrefabInstance: {fileID: 2848994777749967449}
  m_PrefabAsset: {fileID: 0}
--- !u!4 &2848108828439340075 stripped
Transform:
  m_CorrespondingSourceObject: {fileID: 4268597916284530, guid: 2abf19653d633114faedf3b60dc6c39f, type: 3}
  m_PrefabInstance: {fileID: 2848994777749967449}
  m_PrefabAsset: {fileID: 0}
